@inproceedings{li2019service,
  title={Service Mesh: Challenges, State of the Art, and Future Research Opportunities},
  author={Li, Wubin and Lemieux, Yves and Gao, Jing and Zhao, Zhuofeng and Han, Yanbo},
  booktitle={2019 IEEE International Conference on Service-Oriented System Engineering (SOSE)},
  pages={122--1225},
  year={2019},
  organization={IEEE}
}

